<record><leader>00000cas a22000007a 4500</leader><controlfield tag="001">17331461</controlfield><controlfield tag="008">880111d198019uuiauwr ne      0    0eng d</controlfield><datafield ind1=" " ind2=" " tag="010"><subfield code="a">sn 88059006 </subfield></datafield><datafield ind1=" " ind2=" " tag="040"><subfield code="a">INP</subfield><subfield code="b">eng</subfield><subfield code="c">INP</subfield><subfield code="d">OCL</subfield><subfield code="d">OCLCQ</subfield></datafield><datafield ind1=" " ind2=" " tag="042"><subfield code="a">msc</subfield></datafield><datafield ind1="0" ind2=" " tag="130"><subfield code="a">Phoenix (Iowa City, Iowa)</subfield></datafield><datafield ind1="1" ind2="4" tag="245"><subfield code="a">The phoenix.</subfield></datafield><datafield ind1=" " ind2=" " tag="260"><subfield code="a">[Iowa City, Iowa] :</subfield><subfield code="b">Don Doumakes</subfield></datafield><datafield ind1=" " ind2=" " tag="310"><subfield code="a">Weekly</subfield></datafield><datafield ind1="0" ind2=" " tag="362"><subfield code="a">Sept. 7, 1980-</subfield></datafield><datafield ind1=" " ind2=" " tag="500"><subfield code="a">"Iowa City's Sunday newspaper."</subfield></datafield><datafield ind1=" " ind2=" " tag="752"><subfield code="a">United States</subfield><subfield code="b">Iowa</subfield><subfield code="c">Johnson</subfield><subfield code="d">Iowa City.</subfield></datafield></record>